<?xml version="1.0" encoding="UTF-8"?><collection><record><leader>08708ntm a2200745 a 4500</leader><controlfield tag="001">006832471</controlfield><controlfield tag="003">MiAaHDL</controlfield><controlfield tag="005">20190719000000.0</controlfield><controlfield tag="006">m        d        </controlfield><controlfield tag="007">cr bn ---auaua</controlfield><controlfield tag="008">090629q178u18uuxx            00| ||ara d</controlfield><datafield tag="035" ind1=" " ind2=" "><subfield code="a">(MiU)006832471</subfield></datafield><datafield tag="035" ind1=" " ind2=" "><subfield code="a">sdr-miu006832471</subfield></datafield><datafield tag="040" ind1=" " ind2=" "><subfield code="a">MiU</subfield><subfield code="c">MiU</subfield><subfield code="e">amremm</subfield></datafield><datafield tag="043" ind1=" " ind2=" "><subfield code="a">n-us-mi</subfield></datafield><datafield tag="100" ind1="0" ind2=" "><subfield code="6">880-01</subfield><subfield code="a">ʻAlī ibn Abī Ṭālib,</subfield><subfield code="c">Caliph,</subfield><subfield code="d">approximately 600-661.</subfield></datafield><datafield tag="245" ind1="1" ind2="0"><subfield code="6">880-03</subfield><subfield code="a">[Min kalām ʻAlī ibn Abī Ṭālib maʻa Matn Talkhīs al-Miftāḥ,</subfield><subfield code="f">late 18th or 19th century?].</subfield></datafield><datafield tag="246" ind1="3" ind2="8"><subfield code="a">كلام علي ابن ابي طالب متن التلخيص</subfield></datafield><datafield tag="246" ind1="3" ind2=" "><subfield code="i">Title of second work from colophon (p.235):</subfield><subfield code="a">كتاب متن التلخيص</subfield></datafield><datafield tag="246" ind1="3" ind2=" "><subfield code="i">Title of second work from inscription on 'title page' (p.21):</subfield><subfield code="a">هذا متن تلخيص المفتاح مشتمل على ثلاثة فنون المعاني والبيان والبديع</subfield></datafield><datafield tag="246" ind1="3" ind2=" "><subfield code="i">Title of opening work from inscription on 'title page' (p.1):</subfield><subfield code="a">من كلام الامام علي بن ابي طالب</subfield></datafield><datafield tag="246" ind1="3" ind2=" "><subfield code="i">Title of second work from inscription in pencil on verso of front flyleaf:</subfield><subfield code="a">متن التلخيص</subfield></datafield><datafield tag="260" ind1=" " ind2=" "><subfield code="c">[1780 to 18--?].</subfield></datafield><datafield tag="300" ind1=" " ind2=" "><subfield code="a">118 leaves :</subfield><subfield code="b">paper ;</subfield><subfield code="c">166 x 112 (119 x 69) mm. bound to 175 x 122 mm.</subfield></datafield><datafield tag="500" ind1=" " ind2=" "><subfield code="a">Shelfmark: Ann Arbor, University of Michigan, Special Collections Library, Isl. Ms. 944</subfield></datafield><datafield tag="500" ind1=" " ind2=" "><subfield code="a">Origin: As appears in colophon on p.235, second work copied by Sulaymān al-Khwājah ibn ʻAbd al-Raḥmān al-Khwājah al-Bujayrimī [al-Bujayramī] with date of completion not specified. Paper, hand, etc. would suggest late 18th or 19th century. Opening work lacks dated colophon ; paper suggests 19th century.</subfield></datafield><datafield tag="500" ind1=" " ind2=" "><subfield code="a">Former shelfmark: Mich. Isl. Ms. temp. no. 93</subfield></datafield><datafield tag="500" ind1=" " ind2=" "><subfield code="a">Binding: Boards covered in black cloth with black leather over spine (quarter binding) ; pastedowns and flyleaves in wove paper printed with a floral vegetal pattern in pink and green ; resewn in white thread, eight stations ; spine gold-stamped with title and decorative accents over raised bands "كلام علي ابن ابي طالب متن التلخيص" ; overall in fairly good condition with minor abrasion.</subfield></datafield><datafield tag="500" ind1=" " ind2=" "><subfield code="a">Support: European laid paper of two types ; opening type with 9 laid lines per cm. (horizontal), chain lines spaced 29 mm. apart (vertical), and traces of crescent in shield watermark (see pp.2, 6, 16, 20, Nikolaev no.959, Walz p.89), quite crisp though fairly thick and sturdy ; second type with 9-10 laid lines per cm. (horizontal), chain lines spaced 27 mm. apart (vertical), three crescents watermark (perpendicular to chains, see pp.26, 30-31, etc.), and "EA" [?] countermark (see pp.64, 68, etc.), well-burnished (some leaves to glossy), fairly sturdy, cream in color ; staining and tide lines.</subfield></datafield><datafield tag="500" ind1=" " ind2=" "><subfield code="a">Decoration: Keywords and section headings rubricated in second work (with text to be entered in red typically indicated in margins) ; some overlining in red.</subfield></datafield><datafield tag="500" ind1=" " ind2=" "><subfield code="a">Script: Naskh ; two main hands ; opening work in a clear though initially somewhat awkward hand in a medium line, partially but irregularly seriffed with effect of titlt to the left, curvilinear descenders, pointing in strokes rather than distinct dots ; second work in a clear, spacious hand (likely Egyptian with Turkish features) in a medium line, seriffed with right-sloping head-serifs on most ascenders (even free-standing alif), slight effect of tilt to the left, curvilinear descenders, pointing in strokes rather than distinct dots.</subfield></datafield><datafield tag="500" ind1=" " ind2=" "><subfield code="a">Layout: Written in 13 and 11 lines per page ; frame-ruled (impression of ruling board evident).</subfield></datafield><datafield tag="500" ind1=" " ind2=" "><subfield code="a">Collation: i, 11 V(110), IV (118), i ; almost exclusively quinions ; catchwords present ; quire numbering in the form of ك above Hindu-Arabic numeral in the upper outer margin of the opening recto of each quire in the second work ; pagination in pencil, Western numerals, supplied during digitization.</subfield></datafield><datafield tag="500" ind1=" " ind2=" "><subfield code="a">Colophon: [Matn al-Talkhīṣ] "Scribal," triangular, reads "تم كتاب متن التلخيص بحمد الله وعونه على يد الفقير الى مولاه سليمان الخواجه ابن عبد الرحمن الخواجه البجيرمي وصلى الله على سيدنا محمد وعلى اله وصحبه وسلم"</subfield></datafield><datafield tag="500" ind1=" " ind2=" "><subfield code="a">Explicit: [Min kalām ʻAlī ibn Abī Ṭālib] "يسود المرء قوم بالاحسان اليهم ياس القلب راحة النفس تم بحمد الله وعونه وصلى الله على سيدنا محمد وعلى اله وصحبه وسلم" ; [Matn al-Talkhīṣ] "واردة على احسن الوجوه واكملها يظهر ذلك بالشامل مع التذكر لما تقدم ان شاء الله تعالى"</subfield></datafield><datafield tag="500" ind1=" " ind2=" "><subfield code="a">Incipit: [Min kalām ʻAlī ibn Abī Ṭālib] "قال علي عليه الرضوان إيمان المرء يعرف بأيمانه أخوك من وأوساك في الشدة إظاهر الغنى من الشكر ..." ; [Matn al-Talkhīṣ] "الحمد لله على ما انعم وعلم من البيان ما لم نعلم والصلوة على سيدنا محمد خير من نطق بالصواب ... اما بعد فلما كان علم البلاغة و توابعها من اجل العلوم قدرا و ادقها سرا ..."</subfield></datafield><datafield tag="500" ind1=" " ind2=" "><subfield code="a">Title supplied by cataloguer.</subfield></datafield><datafield tag="500" ind1=" " ind2=" "><subfield code="a">Ms. composite codex.</subfield></datafield><datafield tag="505" ind1="0" ind2=" "><subfield code="a">3. p.21-p.235 : Hādhā Matn Talkhīṣ al-Miftāḥ mushtamil ʻalá thalāthat funūn al-Maʻānī wa-al-Bayān wa-al-Badīʻ / Jalāl al-Dīn Muḥammad ibn ʻAbd al-Raḥmān al-Qazwīnī.</subfield></datafield><datafield tag="505" ind1="0" ind2=" "><subfield code="a">2. p.17-p.20 : [blank].</subfield></datafield><datafield tag="505" ind1="0" ind2=" "><subfield code="a">1. p.1-p.16 : Min kalām al-Imām ʻAlī ibn Abī Ṭālib /ʻAlī ibn Abī Ṭālib; Muḥammad ibn al-Ḥusayn al-Sharīf al-Raḍī.</subfield></datafield><datafield tag="510" ind1="4" ind2=" "><subfield code="a">Walz, Terence. "The paper trade of Egypt and the Sudan in the eighteenth and nineteenth centuries and its re-export to the Bilad as-Sudan." In The trans-Saharan book trade: manuscript culture, Arabic literacy, and intellectual history in Muslim Africa. Graziano Krätli and Ghislaine Lydon, Eds. (Leiden : Brill, 2011):</subfield><subfield code="c">73-108.</subfield></datafield><datafield tag="510" ind1="4" ind2=" "><subfield code="a">Nikolaev, Vsevolod. Watermarks of the mediaeval Ottoman documents in Bulgarian libraries. In Watermarks of the Ottoman Empire, volume 1. Sofia: Bulgarian Academy of Sciences, 1954.</subfield></datafield><datafield tag="510" ind1="4" ind2=" "><subfield code="a">Brockelmann, C. GAL,</subfield><subfield code="c">I 295</subfield></datafield><datafield tag="520" ind1="8" ind2=" "><subfield code="a">Composite manuscript opening with maxims (amthāl) attributed to ʻAlī ibn Abī Ṭālib and arranged in alphabetical order, followed by Talkhīṣ al-Miftāḥ, the abridgement of Jalāl al-Dīn al-Qazwīnī (d. 1338), Khaṭīb Dimashq, of the third part of Miftāḥ al-ʻulūm by Yūsuf ibn Abī Bakr al-Sakkākī (d. 626/1229) on rhetoric (ʻilm al-maʻānī wa-al-bayān).</subfield></datafield><datafield tag="538" ind1=" " ind2=" "><subfield code="a">Mode of access: Internet.</subfield></datafield><datafield tag="541" ind1=" " ind2=" "><subfield code="a">Acquired in the Fall of 1950.</subfield></datafield><datafield tag="546" ind1=" " ind2=" "><subfield code="a">Arabic.</subfield></datafield><datafield tag="561" ind1=" " ind2=" "><subfield code="a">On upper pastedown label with ex libris of James Heyworth-Dunne (d.1974), stamped with inventory numbers, "Ex Libris | J. Heyworth-Dunne | D. Lit. (London) | No.7770 | No.7771" ; UM Library inscription on p.3 "Dunning | Heyworth-Dunne | 6-13-51 | 71955" ; extensive interlinear and marginal glosses (in second work in particular) ; occasional corrections.</subfield></datafield><datafield tag="600" ind1="0" ind2="0"><subfield code="a">ʻAlī ibn Abī Ṭālib,</subfield><subfield code="c">Caliph,</subfield><subfield code="d">approximately 600-661</subfield><subfield code="x">Hadith.</subfield></datafield><datafield tag="650" ind1=" " ind2="0"><subfield code="a">Manuscripts, Arabic</subfield><subfield code="z">Michigan</subfield><subfield code="z">Ann Arbor.</subfield></datafield><datafield tag="650" ind1=" " ind2="0"><subfield code="a">Arabic language</subfield><subfield code="x">Rhetoric</subfield><subfield code="v">Early works to 1800.</subfield></datafield><datafield tag="650" ind1=" " ind2="0"><subfield code="a">Maxims, Arabic</subfield><subfield code="v">Early works to 1800.</subfield></datafield><datafield tag="700" ind1="1" ind2=" "><subfield code="a">Heyworth-Dunne, J.</subfield><subfield code="q">(James),</subfield><subfield code="e">former owner.</subfield></datafield><datafield tag="700" ind1="0" ind2=" "><subfield code="6">880-07</subfield><subfield code="a">Sulaymān ibn ʻAbd al-Raḥmān al-Bujayrimī,</subfield><subfield code="e">scribe.</subfield></datafield><datafield tag="700" ind1="1" ind2=" "><subfield code="6">880-06</subfield><subfield code="a">Sakkākī, Yūsuf ibn Abī Bakr,</subfield><subfield code="d">1160-</subfield><subfield code="t">Miftāḥ al-ʻulūm.</subfield><subfield code="n">Qism 3.</subfield></datafield><datafield tag="700" ind1="1" ind2="2"><subfield code="6">880-04</subfield><subfield code="a">Qazwīnī, Jalāl al-Dīn Muḥammad ibn ʻAbd al-Raḥmān,</subfield><subfield code="d">1267 or 1268-1338.</subfield><subfield code="t">Talkhīṣ al-Miftāḥ.</subfield></datafield><datafield tag="740" ind1="0" ind2="2"><subfield code="6">880-05</subfield><subfield code="a">Matn Talkhīṣ al-Miftāḥ</subfield></datafield><datafield tag="773" ind1="0" ind2=" "><subfield code="a">Heyworth-Dunne Collection.</subfield></datafield><datafield tag="880" ind1="0" ind2=" "><subfield code="6">700-07/</subfield><subfield code="a">سليمان بن عبد الرحمن البجيرمي،</subfield><subfield code="e">ناسخ.</subfield></datafield><datafield tag="880" ind1="1" ind2=" "><subfield code="6">700-06/</subfield><subfield code="a">سكاكي، يوسف بن ابي بكر،</subfield><subfield code="t">مفتاح العلوم.</subfield><subfield code="n">قسم 3.</subfield></datafield><datafield tag="880" ind1="0" ind2="2"><subfield code="6">740-05/</subfield><subfield code="a">متن تلخيص المفتاح</subfield></datafield><datafield tag="880" ind1="1" ind2="2"><subfield code="6">700-04/</subfield><subfield code="a">قزويني، جلال الدين محمد بن عبد الرحمن,</subfield><subfield code="t">تلخيص المفتاح.</subfield></datafield><datafield tag="880" ind1="1" ind2="0"><subfield code="6">245-03/</subfield><subfield code="a">[من كلام علي بن ابي طالب مع متن تلخيص المفتاح,</subfield><subfield code="f">اواخر القرن 18م او القرن 19م؟].</subfield></datafield><datafield tag="880" ind1="1" ind2=" "><subfield code="6">100-01/</subfield><subfield code="a">علي بن ابي طالب،</subfield><subfield code="c">خليفة.</subfield></datafield><datafield tag="CID" ind1=" " ind2=" "><subfield code="a">006832471</subfield></datafield><datafield tag="DAT" ind1="0" ind2=" "><subfield code="a">20190719102640.0</subfield><subfield code="b">20190719000000.0</subfield></datafield><datafield tag="DAT" ind1="1" ind2=" "><subfield code="a">20190719090653.0</subfield><subfield code="b">2019-07-19T16:12:31Z</subfield></datafield><datafield tag="DAT" ind1="2" ind2=" "><subfield code="a">2015-10-10T18:00:06Z</subfield></datafield><datafield tag="CAT" ind1=" " ind2=" "><subfield code="a">SDR-MIU</subfield><subfield code="d">EX LIBRIS - ALEPH</subfield><subfield code="l">prepare.pl-004-008</subfield></datafield><datafield tag="FMT" ind1=" " ind2=" "><subfield code="a">BK</subfield></datafield><datafield tag="HOL" ind1=" " ind2=" "><subfield code="0">sdr-miu006832471</subfield><subfield code="a">MiU</subfield><subfield code="b">SDR</subfield><subfield code="c">MIU</subfield><subfield code="p">mdp.39015079131259</subfield><subfield code="s">MIU</subfield><subfield code="1">006832471</subfield></datafield><datafield tag="974" ind1=" " ind2=" "><subfield code="b">MIU</subfield><subfield code="c">MIU</subfield><subfield code="d">20190719</subfield><subfield code="s">lit-dlps-dc</subfield><subfield code="u">mdp.39015079131259</subfield><subfield code="y">1899</subfield><subfield code="r">ic-world</subfield><subfield code="q">man</subfield></datafield></record></collection>